<?xml version="1.0" encoding="UTF-8" ?>
<record Numero="13954452" format="InterXMarc_Complet" type="Authority">
<leader>00588c1 au22000272  45  <Pos Code="0004">00588</Pos>
<Pos Code="05" Sens="notice modifiée">c</Pos>
<Pos Code="06" Sens="notice validée en catalogage courant">1</Pos>
<Pos Code="08" Sens="notice d&apos;autorité">a</Pos>
<Pos Code="09" Sens="titre uniforme musical (TUM)">u</Pos>
<Pos Code="10">2</Pos>
<Pos Code="11">2</Pos>
<Pos Code="1216">00027</Pos>
<Pos Code="17" Sens="autres cas">2</Pos>
<Pos Code="20">4</Pos>
<Pos Code="21">5</Pos>
</leader>
<controlfield tag="001">FRBNF139544526<Pos Code="0001">FR</Pos>
<Pos Code="0204">BNF</Pos>
<Pos Code="0512">13954452</Pos>
<Pos Code="13">6</Pos>
</controlfield>
<controlfield tag="008">930401970124yy    sn        1716      ....                   1   <Pos Code="0001">93</Pos>
<Pos Code="0203">04</Pos>
<Pos Code="0405">01</Pos>
<Pos Code="0607">97</Pos>
<Pos Code="0809">01</Pos>
<Pos Code="1011">24</Pos>
<Pos Code="1213" Sens="ne s&apos;applique pas">yy</Pos>
<Pos Code="1820">sn </Pos>
<Pos Code="2831">1716</Pos>
<Pos Code="3841">....</Pos>
<Pos Code="61" Sens="La vedette peut être liée à une notice bibliographique sauf pour l&apos;accès matière RAMEAU">1</Pos>
</controlfield>
<datafield tag="048" ind1=" " ind2=" ">
	<subfield code="a">sa01<Pos Code="0001" Sens="cordes frottées - violon">sa</Pos>
<Pos Code="02">0</Pos>
<Pos Code="03">1</Pos>
</subfield>
	<subfield code="a">zb01<Pos Code="0001" Sens="basse continue - instruments non spécifiés">zb</Pos>
<Pos Code="02">0</Pos>
<Pos Code="03">1</Pos>
</subfield>
</datafield>
<datafield tag="100" ind1=" " ind2=" ">
	<subfield code="3">13900799</subfield>
	<subfield code="w"> 0  b     </subfield>
	<subfield code="a">Veracini</subfield>
	<subfield code="m">Francesco Maria</subfield>
	<subfield code="d">1690-1768</subfield>
</datafield>
<datafield tag="144" ind1="1" ind2=" ">
	<subfield code="w">....b.....</subfield>
	<subfield code="a" Barre="3">12 sonates</subfield>
	<subfield code="b">Violon ou flûte à bec, basse continue</subfield>
	<subfield code="j">1716</subfield>
</datafield>
<datafield tag="600" ind1=" " ind2=" ">
	<subfield code="a">Tonalités : fa majeur, sol majeur, ré mineur, si bémol majeur, do majeur, la mineur, do mineur, fa majeur, sol mineur, ré mineur, fa majeur, do mineur</subfield>
	<subfield code="a">Manuscrit à Dresde, Sächsiche Landesbibliothek</subfield>
	<subfield code="a">Dédiées au Prince-électeur de Saxe</subfield>
</datafield>
<datafield tag="600" ind1=" " ind2=" ">
	<subfield code="a">Date de composition : 1716</subfield>
</datafield>
<datafield tag="610" ind1=" " ind2=" ">
	<subfield code="a">Grove 6</subfield>
</datafield>
<datafield tag="917" ind1=" " ind2=" ">
	<subfield code="o">OPC</subfield>
	<subfield code="a">100855270</subfield>
</datafield>
<Attr Nom="IDPerenne">ark:/12148/cb13954452g</Attr>
<Attr Nom="NumSource">OPC 100855270</Attr>
<Attr Nom="Source" Sens="BnF catalogue général (depuis 1999)">A</Attr>
<Attr Nom="NumAutoriteLiee">13900799</Attr>
<Attr Nom="DateCreation">01/04/ 1993</Attr>
<Attr Nom="ResponsableCreation">MIGV2</Attr>
<Attr Nom="StructCreation">1</Attr>
<Attr Nom="DateDerniereValidation">08/11/ 2010</Attr>
<Attr Nom="ResponsableDerniereValidation">MIGV4</Attr>
<Attr Nom="StructPremiereValidation">1</Attr>
<Attr Nom="DatePremiereValidation">01/04/ 1993</Attr>
<Attr Nom="ResponsablePremiereValidation">MIGV2</Attr>
<Attr Nom="StructDerniereValidation">1</Attr>
</record>
